
@manual{ble4core,
  title={Bluetooth 4.2 Core Specification},
  organization={Bluetooth Special Interest Group},
  journal={Specification of the Bluetooth System},
  year={2014}
}

@manual{ble4sup,
  title={Supplement to the Bluetooth Core Specification Version 7},
  organization={Bluetooth Special Interest Group},
  journal={Specification of the Bluetooth System},
  year={2016}
}

@manual{ESP32Datasheet,
	title		= "ESP32 Datasheet Version 2.3",
	organization	= "Espressif Systems Inc.",
	year		= "2018"
}

@manual{BMP180Datasheet,
	title		= "BMP180 Digital Pressure Sensor Datasheet",
	organization	= "Bosch Sensortec",
	year		= "2013"
}

@manual{HTU21DDatasheet,
	title		= "HTU21D(F) RH/T Sensor IC Digital Relative Humidity Sensor with Temperature Output",
	organization	= "Measurement Specialities TM",
	year		= "2014"
}

@manual{TSL2561Datasheet,
	title		= "TSL2560, TSL2561 Light-to-Digital Converters",
	organization	= "ams AG",
	year		= "2016"
}

@manual{nRF51RefManual,
	title		= "nRF51 Series Reference Manual Version 3.0",
	organization	= "Nordic Semiconductor ASA",
	year		= "2014"
}

@manual{nRF51ProdSpec,
	title		= "nRF51822 Multiprotocol Bluetooth® low energy/2.4 GHz RF System on Chip Product Specification v3.1",
	organization	= "Nordic Semiconductor ASA",
	year		= "2014"
}

@manual{MicrochipLPDesign,
    author    = "Brant Ivey",
    title     = "Application Note AN1416 - Low-Power Design Guide",
    organization = "Microchip Technology Inc.",
    year      = "2011",
}

@book{C99Spec,
  added-at = {2012-10-08T01:11:26.000+0200},
  address = {Geneva, Switzerland},
  author = {{ISO}},
  bibdate = {Mon Dec 19 11:12:12 2011},
  bibsource = {http://www.math.utah.edu/pub/tex/bib/isostd.bib},
  biburl = {https://www.bibsonomy.org/bibtex/264bc1cf4b2d3d46315a953c6f1688352/gron},
  day = 8,
  interhash = {c06a7dbbcb6724820875e51543282440},
  intrahash = {64bc1cf4b2d3d46315a953c6f1688352},
  keywords = {C Specification Standard},
  month = {December},
  pages = {683 (est.)},
  publisher = {International Organization for Standardization},
  remark = {Revises ISO/IEC 9899:1999, ISO/IEC 9899:1999/Cor
                 1:2001, ISO/IEC 9899:1999/Cor 2:2004, and ISO/IEC
                 9899:1999/Cor 3:2007.},
  timestamp = {2012-10-08T01:11:26.000+0200},
  title = {{ISO/IEC 9899:2011 Information technology ---
                 Programming languages --- C}},
  url = {http://www.iso.org/iso/iso_catalogue/catalogue_tc/catalogue_detail.htm?csnumber=57853},
  year = 2011
}

@manual{GAPDataTypes,
  title={Generic Access Profile - Assigned Numbers},
  organization={Bluetooth Special Interest Group},
  journal={Specification of the Bluetooth System},
  note = {\url{https://www.bluetooth.com/specifications/assigned-numbers/generic-access-profile}}
}

@manual{bleCompanyIds,
  title={Company Identifiers - Assigned Numbers},
  organization={Bluetooth Special Interest Group},
  journal={Specification of the Bluetooth System},
  note = {\url{https://www.bluetooth.com/specifications/assigned-numbers/company-identifiers}}
}

@manual{nrf51sdkManual,
  title={nRF5 Software Development Kit 12.3.1 Documentation},
  organization={Nordic Semiconductor ASA},
  note = {\url{http://infocenter.nordicsemi.com/index.jsp?topic=%2Fcom.nordic.infocenter.sdk5.v12.3.0%2Findex.html}},
  year = 2017
}

@manual{devzoneGccEclipse,
  title={Development with GCC and Eclipse},
  organization={Nordic Semiconductor ASA},
  note = {\url{https://devzone.nordicsemi.com/tutorials/b/getting-started/posts/development-with-gcc-and-eclipse}},
  year = 2015
}


@manual{AWS_IoTCore,
  organization = {Amazon Web Services, Inc.},
  title = {Visão geral do AWS IoT Core},
  year = 2018,
  note = {\url{https://aws.amazon.com/pt/iot-core/}},
}
